company,ticker,period,policy_text,revenue,revenue_cashflow,deferred_revenue,rev_to_cash,deferred_ratio
Apple Inc.,AAPL,2025Q3,"Apple Inc. uses: Reported revenue ~391,035,000,000",391035000000.0,118254000000.0,0.0,3.306738038459587,0.0
AbbVie Inc.,ABBV,2025Q3,"AbbVie Inc. uses: Reported revenue ~56,334,000,000",56334000000.0,18806000000.0,0.0,2.995533340423269,0.0
"Airbnb, Inc.",ABNB,2025Q3,"Airbnb, Inc. uses: Reported revenue ~11,102,000,000",11102000000.0,4518000000.0,0.0,2.4572819831783974,0.0
Abbott Laboratories,ABT,2025Q3,"Abbott Laboratories uses: Reported revenue ~41,950,000,000",41950000000.0,8558000000.0,0.0,4.901846225753681,0.0
Accenture plc,ACN,2025Q3,"Accenture plc uses: Reported revenue ~64,896,464,000",64896464000.0,9131027000.0,0.0,7.107246972328523,0.0
Adobe Inc.,ADBE,2025Q3,"Adobe Inc. uses: Reported revenue ~21,505,000,000",21505000000.0,8056000000.0,0.0,2.6694389275074477,0.0
"Analog Devices, Inc.",ADI,2025Q3,"Analog Devices, Inc. uses: Reported revenue ~9,427,157,000",9427157000.0,3852529000.0,0.0,2.447004811644507,0.0
"Automatic Data Processing, Inc.",ADP,2025Q3,"Automatic Data Processing, Inc. uses: Reported revenue ~20,560,900,000",20560900000.0,4939700000.0,0.0,4.1623782820819075,0.0
"Autodesk, Inc.",ADSK,2025Q3,"Autodesk, Inc. uses: Reported revenue ~6,131,000,000",6131000000.0,1607000000.0,0.0,3.8151835718730553,0.0
Agnico Eagle Mines Limited,AEM,2025Q3,"Agnico Eagle Mines Limited uses: Reported revenue ~8,285,753,000",8285753000.0,3960892000.0,0.0,2.091890665032018,0.0
"American Electric Power Company, Inc.",AEP,2025Q3,"American Electric Power Company, Inc. uses: Reported revenue ~19,721,300,000",19721300000.0,6804300000.0,0.0,2.8983583910174446,0.0
Aflac Incorporated,AFL,2025Q3,"Aflac Incorporated uses: Reported revenue ~19,128,000,000",19128000000.0,2707000000.0,0.0,7.0661248614702625,0.0
Arthur J. Gallagher & Co.,AJG,2025Q3,"Arthur J. Gallagher & Co. uses: Reported revenue ~11,554,900,000",11554900000.0,2582900000.0,0.0,4.473614928955825,0.0
The Allstate Corporation,ALL,2025Q3,"The Allstate Corporation uses: Reported revenue ~64,115,000,000",64115000000.0,8931000000.0,0.0,7.17892733176576,0.0
"Alnylam Pharmaceuticals, Inc.",ALNY,2025Q3,"Alnylam Pharmaceuticals, Inc. uses: Reported revenue ~2,248,243,000",2248243000.0,-8312000.0,0.0,-270.4815928777671,0.0
"Applied Materials, Inc.",AMAT,2025Q3,"Applied Materials, Inc. uses: Reported revenue ~27,176,000,000",27176000000.0,8677000000.0,0.0,3.131958050017287,0.0
"Advanced Micro Devices, Inc.",AMD,2025Q3,"Advanced Micro Devices, Inc. uses: Reported revenue ~25,785,000,000",25785000000.0,3041000000.0,0.0,8.479118710950345,0.0
Amgen Inc.,AMGN,2025Q3,"Amgen Inc. uses: Reported revenue ~33,424,000,000",33424000000.0,11490000000.0,0.0,2.908964316797215,0.0
American Tower Corporation,AMT,2025Q3,"American Tower Corporation uses: Reported revenue ~10,127,200,000",10127200000.0,5290500000.0,0.0,1.9142236083545978,0.0
"América Móvil, S.A.B. de C.V.",AMX,2025Q3,"América Móvil, S.A.B. de C.V. uses: Reported revenue ~869,220,584,000",869220584000.0,239341121000.0,0.0,3.6317227076077745,0.0
"Amazon.com, Inc.",AMZN,2025Q3,"Amazon.com, Inc. uses: Reported revenue ~637,959,000,000",637959000000.0,115877000000.0,0.0,5.505484263486283,0.0
Arista Networks Inc,ANET,2025Q3,"Arista Networks Inc uses: Reported revenue ~7,003,146,000",7003146000.0,3708235000.0,0.0,1.8885388870985793,0.0
Aon plc,AON,2025Q3,"Aon plc uses: Reported revenue ~15,698,000,000",15698000000.0,3035000000.0,0.0,5.172322899505766,0.0
"Air Products and Chemicals, Inc.",APD,2025Q3,"Air Products and Chemicals, Inc. uses: Reported revenue ~12,100,600,000",12100600000.0,3646700000.0,0.0,3.3182329229166094,0.0
Amphenol Corporation,APH,2025Q3,"Amphenol Corporation uses: Reported revenue ~15,222,700,000",15222700000.0,2814700000.0,0.0,5.408285074785945,0.0
"Apollo Global Management, Inc.",APO,2025Q3,"Apollo Global Management, Inc. uses: Reported revenue ~26,114,000,000",26114000000.0,3253000000.0,0.0,8.027666769136182,0.0
AppLovin Corporation,APP,2025Q3,"AppLovin Corporation uses: Reported revenue ~4,709,248,000",4709248000.0,2099011000.0,0.0,2.243555655496803,0.0
Ares Management Corporation,ARES,2025Q3,"Ares Management Corporation uses: Reported revenue ~3,884,781,000",3884781000.0,2791154000.0,0.0,1.3918189394064246,0.0
Arm Holdings plc,ARM,2025Q3,"Arm Holdings plc uses: Reported revenue ~4,007,000,000",4007000000.0,397000000.0,0.0,10.093198992443325,0.0
ASML Holding N.V.,ASML,2025Q3,"ASML Holding N.V. uses: Reported revenue ~28,262,900,000",28262900000.0,11166200000.0,0.0,2.531111747953646,0.0
Advantest Corporation,ATEYY,2025Q3,"Advantest Corporation uses: Reported revenue ~779,707,000,000",779707000000.0,285971000000.0,0.0,2.726524717541289,0.0
Broadcom Inc.,AVGO,2025Q3,"Broadcom Inc. uses: Reported revenue ~51,574,000,000",51574000000.0,19962000000.0,0.0,2.5836088568279734,0.0
"Axon Enterprise, Inc.",AXON,2025Q3,"Axon Enterprise, Inc. uses: Reported revenue ~2,082,526,000",2082526000.0,408312000.0,0.0,5.100330139697094,0.0
American Express Company,AXP,2025Q3,"American Express Company uses: Reported revenue ~65,949,000,000",65949000000.0,14050000000.0,0.0,4.693879003558719,0.0
AstraZeneca PLC,AZN,2025Q3,"AstraZeneca PLC uses: Reported revenue ~54,073,000,000",54073000000.0,11861000000.0,0.0,4.558890481409662,0.0
"AutoZone, Inc.",AZO,2025Q3,"AutoZone, Inc. uses: Reported revenue ~18,490,268,000",18490268000.0,3004116000.0,0.0,6.154978036800177,0.0
The Boeing Company,BA,2025Q3,"The Boeing Company uses: Reported revenue ~66,517,000,000",66517000000.0,-12080000000.0,0.0,-5.5063741721854305,0.0
Alibaba Group Holding Limited,BABA,2025Q3,"Alibaba Group Holding Limited uses: Reported revenue ~996,347,000,000",996347000000.0,163509000000.0,0.0,6.093530019754264,0.0
Bank of America Corporation,BAC,2025Q3,"Bank of America Corporation uses: Reported revenue ~101,887,000,000",101887000000.0,-8805000000.0,0.0,-11.571493469619535,0.0
BAE Systems plc,BAESY,2025Q3,"BAE Systems plc uses: Reported revenue ~26,312,000,000",26312000000.0,3925000000.0,0.0,6.703694267515924,0.0
Brookfield Asset Management Ltd.,BAM,2025Q3,"Brookfield Asset Management Ltd. uses: Reported revenue ~482,000,000",482000000.0,627000000.0,0.0,0.7687400318979266,0.0
"Banco Bilbao Vizcaya Argentaria, S.A.",BBVA,2025Q3,"Banco Bilbao Vizcaya Argentaria, S.A. uses: Reported revenue ~39,235,000,000",39235000000.0,-18190000000.0,0.0,-2.15695437053326,0.0
Barclays PLC,BCS,2025Q3,"Barclays PLC uses: Reported revenue ~26,230,000,000",26230000000.0,7113000000.0,0.0,3.687614227470828,0.0
"Becton, Dickinson and Company",BDX,2025Q3,"Becton, Dickinson and Company uses: Reported revenue ~20,178,000,000",20178000000.0,3797000000.0,0.0,5.314195417434817,0.0
BHP Group Limited,BHP,2025Q3,"BHP Group Limited uses: Reported revenue ~51,262,000,000",51262000000.0,18692000000.0,0.0,2.742456665953349,0.0
The Bank of New York Mellon Corporation,BK,2025Q3,"The Bank of New York Mellon Corporation uses: Reported revenue ~18,258,000,000",18258000000.0,687000000.0,0.0,26.5764192139738,0.0
Booking Holdings Inc.,BKNG,2025Q3,"Booking Holdings Inc. uses: Reported revenue ~23,739,000,000",23739000000.0,8323000000.0,0.0,2.852216748768473,0.0
"BlackRock, Inc.",BLK,2025Q3,"BlackRock, Inc. uses: Reported revenue ~20,407,000,000",20407000000.0,4956000000.0,0.0,4.117635189669088,0.0
Bank of Montreal,BMO,2025Q3,"Bank of Montreal uses: Reported revenue ~32,041,000,000",32041000000.0,29030000000.0,0.0,1.1037202893558389,0.0
BMWKY,BMWKY,2025Q3,"BMWKY uses: Reported revenue ~142,380,000,000",142380000000.0,7566000000.0,0.0,18.818398096748613,0.0
Bristol-Myers Squibb Company,BMY,2025Q3,"Bristol-Myers Squibb Company uses: Reported revenue ~48,300,000,000",48300000000.0,15190000000.0,0.0,3.1797235023041477,0.0
Brookfield Corporation,BN,2025Q3,"Brookfield Corporation uses: Reported revenue ~86,006,000,000",86006000000.0,7569000000.0,0.0,11.36292773153653,0.0
The Bank of Nova Scotia,BNS,2025Q3,"The Bank of Nova Scotia uses: Reported revenue ~33,615,000,000",33615000000.0,15652000000.0,0.0,2.1476488627651418,0.0
BP p.l.c.,BP,2025Q3,"BP p.l.c. uses: Reported revenue ~189,185,000,000",189185000000.0,27297000000.0,0.0,6.930615085906876,0.0
Berkshire Hathaway Inc.,BRK-B,2025Q3,"Berkshire Hathaway Inc. uses: Reported revenue ~424,232,000,000",424232000000.0,30592000000.0,0.0,13.867416317991632,0.0
Boston Scientific Corporation,BSX,2025Q3,"Boston Scientific Corporation uses: Reported revenue ~16,747,000,000",16747000000.0,3435000000.0,0.0,4.875400291120815,0.0
British American Tobacco p.l.c.,BTI,2025Q3,"British American Tobacco p.l.c. uses: Reported revenue ~25,867,000,000",25867000000.0,10125000000.0,0.0,2.5547654320987654,0.0
Anheuser-Busch InBev SA/NV,BUD,2025Q3,"Anheuser-Busch InBev SA/NV uses: Reported revenue ~59,768,000,000",59768000000.0,15055000000.0,0.0,3.9699767519096647,0.0
Blackstone Inc.,BX,2025Q3,"Blackstone Inc. uses: Reported revenue ~10,930,540,000",10930540000.0,3481662000.0,0.0,3.139460407127401,0.0
Citigroup Inc.,C,2025Q3,"Citigroup Inc. uses: Reported revenue ~81,089,000,000",81089000000.0,-19669000000.0,0.0,-4.122680359957293,0.0
Carrier Global Corporation,CARR,2025Q3,"Carrier Global Corporation uses: Reported revenue ~22,486,000,000",22486000000.0,563000000.0,0.0,39.93960923623446,0.0
Caterpillar Inc.,CAT,2025Q3,"Caterpillar Inc. uses: Reported revenue ~64,809,000,000",64809000000.0,12035000000.0,0.0,5.38504362276693,0.0
Chubb Limited,CB,2025Q3,"Chubb Limited uses: Reported revenue ~56,150,000,000",56150000000.0,16182000000.0,0.0,3.4699048325299717,0.0
"Cadence Design Systems, Inc.",CDNS,2025Q3,"Cadence Design Systems, Inc. uses: Reported revenue ~4,641,264,000",4641264000.0,1260551000.0,0.0,3.6819327421103947,0.0
Constellation Energy Corporation,CEG,2025Q3,"Constellation Energy Corporation uses: Reported revenue ~23,568,000,000",23568000000.0,-2464000000.0,0.0,-9.564935064935066,0.0
Compagnie Financière Richemont SA,CFRUY,2025Q3,"Compagnie Financière Richemont SA uses: Reported revenue ~21,399,000,000",21399000000.0,4443000000.0,0.0,4.816340310600945,0.0
The Cigna Group,CI,2025Q3,"The Cigna Group uses: Reported revenue ~244,384,000,000",244384000000.0,10363000000.0,0.0,23.582360320370547,0.0
Colgate-Palmolive Company,CL,2025Q3,"Colgate-Palmolive Company uses: Reported revenue ~20,101,000,000",20101000000.0,4107000000.0,0.0,4.894326759191624,0.0
Canadian Imperial Bank of Commerce,CM,2025Q3,"Canadian Imperial Bank of Commerce uses: Reported revenue ~25,526,000,000",25526000000.0,11088000000.0,0.0,2.302128427128427,0.0
Comcast Corporation,CMCSA,2025Q3,"Comcast Corporation uses: Reported revenue ~123,731,000,000",123731000000.0,27673000000.0,0.0,4.471181295847939,0.0
CME Group Inc.,CME,2025Q3,"CME Group Inc. uses: Reported revenue ~6,130,100,000",6130100000.0,3690500000.0,0.0,1.6610486383958813,0.0
"Chipotle Mexican Grill, Inc.",CMG,2025Q3,"Chipotle Mexican Grill, Inc. uses: Reported revenue ~11,313,853,000",11313853000.0,2105076000.0,0.0,5.374557973203818,0.0
Cummins Inc.,CMI,2025Q3,"Cummins Inc. uses: Reported revenue ~34,102,000,000",34102000000.0,1487000000.0,0.0,22.933422999327504,0.0
Canadian National Railway Company,CNI,2025Q3,"Canadian National Railway Company uses: Reported revenue ~17,046,000,000",17046000000.0,6699000000.0,0.0,2.5445588893864755,0.0
Canadian Natural Resources Limited,CNQ,2025Q3,"Canadian Natural Resources Limited uses: Reported revenue ~41,509,000,000",41509000000.0,13386000000.0,0.0,3.100926340953235,0.0
Capital One Financial Corporation,COF,2025Q3,"Capital One Financial Corporation uses: Reported revenue ~39,112,000,000",39112000000.0,18159000000.0,0.0,2.1538630981882263,0.0
"Coinbase Global, Inc.",COIN,2025Q3,"Coinbase Global, Inc. uses: Reported revenue ~6,564,028,000",6564028000.0,2556844000.0,0.0,2.567238361041972,0.0
ConocoPhillips,COP,2025Q3,"ConocoPhillips uses: Reported revenue ~54,745,000,000",54745000000.0,20124000000.0,0.0,2.720383621546412,0.0
"Cencora, Inc.",COR,2025Q3,"Cencora, Inc. uses: Reported revenue ~293,958,599,000",293958599000.0,3484685000.0,0.0,84.3572945617753,0.0
Costco Wholesale Corporation,COST,2025Q3,"Costco Wholesale Corporation uses: Reported revenue ~254,453,000,000",254453000000.0,11339000000.0,0.0,22.440515036599347,0.0
Canadian Pacific Kansas City Limited,CP,2025Q3,"Canadian Pacific Kansas City Limited uses: Reported revenue ~14,546,000,000",14546000000.0,5269000000.0,0.0,2.7606756500284684,0.0
"Coupang, Inc.",CPNG,2025Q3,"Coupang, Inc. uses: Reported revenue ~30,268,000,000",30268000000.0,1886000000.0,0.0,16.048780487804876,0.0
CRH plc,CRH,2025Q3,"CRH plc uses: Reported revenue ~35,572,000,000",35572000000.0,4989000000.0,0.0,7.130086189617158,0.0
"Salesforce, Inc.",CRM,2025Q3,"Salesforce, Inc. uses: Reported revenue ~37,895,000,000",37895000000.0,13092000000.0,0.0,2.894515734799878,0.0
"CrowdStrike Holdings, Inc.",CRWD,2025Q3,"CrowdStrike Holdings, Inc. uses: Reported revenue ~3,953,624,000",3953624000.0,1381727000.0,0.0,2.861364075537353,0.0
"Cisco Systems, Inc.",CSCO,2025Q3,"Cisco Systems, Inc. uses: Reported revenue ~53,803,000,000",53803000000.0,10880000000.0,0.0,4.945128676470588,0.0
CSX Corporation,CSX,2025Q3,"CSX Corporation uses: Reported revenue ~14,540,000,000",14540000000.0,5247000000.0,0.0,2.771107299409186,0.0
Cintas Corporation,CTAS,2025Q3,"Cintas Corporation uses: Reported revenue ~10,340,181,000",10340181000.0,2165905000.0,0.0,4.774069499816474,0.0
CVS Health Corporation,CVS,2025Q3,"CVS Health Corporation uses: Reported revenue ~372,809,000,000",372809000000.0,9107000000.0,0.0,40.93653233776216,0.0
Chevron Corporation,CVX,2025Q3,"Chevron Corporation uses: Reported revenue ~193,414,000,000",193414000000.0,31492000000.0,0.0,6.14168677759431,0.0
CYATY,CYATY,2025Q3,"CYATY uses: Reported revenue ~362,012,554,000",362012554000.0,96990345000.0,0.0,3.7324596999835395,0.0
"Dominion Energy, Inc.",D,2025Q3,"Dominion Energy, Inc. uses: Reported revenue ~14,459,000,000",14459000000.0,5018000000.0,0.0,2.8814268632921483,0.0
"DoorDash, Inc.",DASH,2025Q3,"DoorDash, Inc. uses: Reported revenue ~10,722,000,000",10722000000.0,2132000000.0,0.0,5.029080675422139,0.0
Deutsche Bank Aktiengesellschaft,DB,2025Q3,"Deutsche Bank Aktiengesellschaft uses: Reported revenue ~30,048,000,000",30048000000.0,-28584000000.0,0.0,-1.051217464315701,0.0
Deere & Company,DE,2025Q3,"Deere & Company uses: Reported revenue ~50,518,000,000",50518000000.0,9231000000.0,0.0,5.472646517170404,0.0
Dell Technologies Inc.,DELL,2025Q3,"Dell Technologies Inc. uses: Reported revenue ~95,567,000,000",95567000000.0,4521000000.0,0.0,21.13846494138465,0.0
Diageo plc,DEO,2025Q3,"Diageo plc uses: Reported revenue ~20,245,000,000",20245000000.0,4297000000.0,0.0,4.711426576681406,0.0
Danaher Corporation,DHR,2025Q3,"Danaher Corporation uses: Reported revenue ~23,875,000,000",23875000000.0,6688000000.0,0.0,3.5698265550239237,0.0
The Walt Disney Company,DIS,2025Q3,"The Walt Disney Company uses: Reported revenue ~91,361,000,000",91361000000.0,13971000000.0,0.0,6.539331472335552,0.0
"Digital Realty Trust, Inc.",DLR,2025Q3,"Digital Realty Trust, Inc. uses: Reported revenue ~5,554,968,000",5554968000.0,2261477000.0,0.0,2.456345123120863,0.0
Deutsche Telekom AG,DTEGY,2025Q3,"Deutsche Telekom AG uses: Reported revenue ~115,111,000,000",115111000000.0,39874000000.0,0.0,2.8868686362040425,0.0
Duke Energy Corporation,DUK,2025Q3,"Duke Energy Corporation uses: Reported revenue ~30,357,000,000",30357000000.0,12328000000.0,0.0,2.4624432186891627,0.0
Eni S.p.A.,E,2025Q3,"Eni S.p.A. uses: Reported revenue ~88,797,000,000",88797000000.0,13092000000.0,0.0,6.782538955087076,0.0
Ecolab Inc.,ECL,2025Q3,"Ecolab Inc. uses: Reported revenue ~15,741,400,000",15741400000.0,2813900000.0,0.0,5.594157574896052,0.0
"Elevance Health, Inc.",ELV,2025Q3,"Elevance Health, Inc. uses: Reported revenue ~176,810,000,000",176810000000.0,5808000000.0,0.0,30.44249311294766,0.0
Emerson Electric Co.,EMR,2025Q3,"Emerson Electric Co. uses: Reported revenue ~17,492,000,000",17492000000.0,3332000000.0,0.0,5.249699879951981,0.0
Enbridge Inc.,ENB,2025Q3,"Enbridge Inc. uses: Reported revenue ~53,473,000,000",53473000000.0,12600000000.0,0.0,4.243888888888889,0.0
"EOG Resources, Inc.",EOG,2025Q3,"EOG Resources, Inc. uses: Reported revenue ~23,378,000,000",23378000000.0,12143000000.0,0.0,1.9252244091245985,0.0
Enterprise Products Partners L.P.,EPD,2025Q3,"Enterprise Products Partners L.P. uses: Reported revenue ~56,219,000,000",56219000000.0,8115000000.0,0.0,6.927788046826864,0.0
"Equinix, Inc.",EQIX,2025Q3,"Equinix, Inc. uses: Reported revenue ~8,748,000,000",8748000000.0,3249000000.0,0.0,2.6925207756232687,0.0
Equinor ASA,EQNR,2025Q3,"Equinor ASA uses: Reported revenue ~102,502,000,000",102502000000.0,20110000000.0,0.0,5.097066136250621,0.0
Energy Transfer LP,ET,2025Q3,"Energy Transfer LP uses: Reported revenue ~82,671,000,000",82671000000.0,11506000000.0,0.0,7.185033895358943,0.0
Eaton Corporation plc,ETN,2025Q3,"Eaton Corporation plc uses: Reported revenue ~24,878,000,000",24878000000.0,4327000000.0,0.0,5.74948000924428,0.0
ERROR: 'NoneType' object is not subscriptable,Error,Error,Error,0.0,0.0,0.0,,
Fastenal Company,FAST,2025Q3,"Fastenal Company uses: Reported revenue ~7,546,000,000",7546000000.0,1173300000.0,0.0,6.431432711156567,0.0
Freeport-McMoRan Inc.,FCX,2025Q3,"Freeport-McMoRan Inc. uses: Reported revenue ~25,455,000,000",25455000000.0,7160000000.0,0.0,3.555167597765363,0.0
FedEx Corporation,FDX,2025Q3,"FedEx Corporation uses: Reported revenue ~87,926,000,000",87926000000.0,7036000000.0,0.0,12.496588971006254,0.0
"Fiserv, Inc.",FI,2025Q3,"Fiserv, Inc. uses: Reported revenue ~20,456,000,000",20456000000.0,6631000000.0,0.0,3.0849042376715428,0.0
Flutter Entertainment plc,FLUT,2025Q3,"Flutter Entertainment plc uses: Reported revenue ~14,048,000,000",14048000000.0,1602000000.0,0.0,8.769038701622971,0.0
"Fortinet, Inc.",FTNT,2025Q3,"Fortinet, Inc. uses: Reported revenue ~5,955,800,000",5955800000.0,2258100000.0,0.0,2.6375271245737566,0.0
General Dynamics Corporation,GD,2025Q3,"General Dynamics Corporation uses: Reported revenue ~47,716,000,000",47716000000.0,4112000000.0,0.0,11.604085603112841,0.0
GE Aerospace,GE,2025Q3,"GE Aerospace uses: Reported revenue ~38,702,000,000",38702000000.0,4710000000.0,0.0,8.216985138004246,0.0
GE Vernova Inc.,GEV,2025Q3,"GE Vernova Inc. uses: Reported revenue ~34,935,000,000",34935000000.0,2583000000.0,0.0,13.524970963995354,0.0
"Gilead Sciences, Inc.",GILD,2025Q3,"Gilead Sciences, Inc. uses: Reported revenue ~28,754,000,000",28754000000.0,10828000000.0,0.0,2.6555227188769854,0.0
Corning Incorporated,GLW,2025Q3,"Corning Incorporated uses: Reported revenue ~13,118,000,000",13118000000.0,1939000000.0,0.0,6.765342960288809,0.0
General Motors Company,GM,2025Q3,"General Motors Company uses: Reported revenue ~187,442,000,000",187442000000.0,20129000000.0,0.0,9.31203735903423,0.0
Alphabet Inc.,GOOGL,2025Q3,"Alphabet Inc. uses: Reported revenue ~350,018,000,000",350018000000.0,125299000000.0,0.0,2.793462038803183,0.0
"The Goldman Sachs Group, Inc.",GS,2025Q3,"The Goldman Sachs Group, Inc. uses: Reported revenue ~53,512,000,000",53512000000.0,-13212000000.0,0.0,-4.050257341810475,0.0
GSK plc,GSK,2025Q3,"GSK plc uses: Reported revenue ~31,376,000,000",31376000000.0,6554000000.0,0.0,4.787305462313091,0.0
"HCA Healthcare, Inc.",HCA,2025Q3,"HCA Healthcare, Inc. uses: Reported revenue ~70,603,000,000",70603000000.0,10514000000.0,0.0,6.715141715807495,0.0
"The Home Depot, Inc.",HD,2025Q3,"The Home Depot, Inc. uses: Reported revenue ~159,514,000,000",159514000000.0,19810000000.0,0.0,8.052195860676425,0.0
HDFC Bank Limited,HDB,2025Q3,"HDFC Bank Limited uses: Reported revenue ~2,371,508,200,000",2371508200000.0,1195617400000.0,0.0,1.983500909237353,0.0
Hilton Worldwide Holdings Inc.,HLT,2025Q3,"Hilton Worldwide Holdings Inc. uses: Reported revenue ~11,174,000,000",11174000000.0,2013000000.0,0.0,5.550919026328862,0.0
Honeywell International Inc.,HON,2025Q3,"Honeywell International Inc. uses: Reported revenue ~38,498,000,000",38498000000.0,6097000000.0,0.0,6.314252911267837,0.0
"Robinhood Markets, Inc.",HOOD,2025Q3,"Robinhood Markets, Inc. uses: Reported revenue ~2,951,000,000",2951000000.0,-157000000.0,0.0,-18.796178343949045,0.0
HSBC Holdings plc,HSBC,2025Q3,"HSBC Holdings plc uses: Reported revenue ~67,396,000,000",67396000000.0,65305000000.0,0.0,1.0320189878263533,0.0
"Hitachi, Ltd.",HTHIY,2025Q3,"Hitachi, Ltd. uses: Reported revenue ~9,783,370,000,000",9783370000000.0,1172240000000.0,0.0,8.34587627107077,0.0
Howmet Aerospace Inc.,HWM,2025Q3,"Howmet Aerospace Inc. uses: Reported revenue ~7,430,000,000",7430000000.0,1298000000.0,0.0,5.724191063174114,0.0
"Interactive Brokers Group, Inc.",IBKR,2025Q3,"Interactive Brokers Group, Inc. uses: Reported revenue ~9,316,000,000",9316000000.0,8724000000.0,0.0,1.0678587803759743,0.0
International Business Machines Corporation,IBM,2025Q3,International Business Machines Corporation,62753000000.0,13445000000.0,0.0,4.667385645221271,0.0
ICICI Bank Limited,IBN,2025Q3,"ICICI Bank Limited uses: Reported revenue ~2,055,592,900,000",2055592900000.0,1228052600000.0,0.0,1.6738638882406176,0.0
"Intercontinental Exchange, Inc.",ICE,2025Q3,"Intercontinental Exchange, Inc. uses: Reported revenue ~11,761,000,000",11761000000.0,4609000000.0,0.0,2.551746582772836,0.0
Infineon Technologies AG,IFNNY,2025Q3,"Infineon Technologies AG uses: Reported revenue ~14,955,000,000",14955000000.0,2780000000.0,0.0,5.379496402877698,0.0
Infosys Limited,INFY,2025Q3,"Infosys Limited uses: Reported revenue ~19,277,000,000",19277000000.0,4351000000.0,0.0,4.430475752700529,0.0
ING Groep N.V.,ING,2025Q3,"ING Groep N.V. uses: Reported revenue ~22,527,000,000",22527000000.0,-22544000000.0,0.0,-0.9992459190915542,0.0
Intel Corporation,INTC,2025Q3,"Intel Corporation uses: Reported revenue ~53,101,000,000",53101000000.0,8288000000.0,0.0,6.406973938223938,0.0
Intuit Inc.,INTU,2025Q3,"Intuit Inc. uses: Reported revenue ~16,285,000,000",16285000000.0,4884000000.0,0.0,3.3343570843570842,0.0
"Intuitive Surgical, Inc.",ISRG,2025Q3,"Intuitive Surgical, Inc. uses: Reported revenue ~8,352,100,000",8352100000.0,2415000000.0,0.0,3.4584265010351967,0.0
Itaú Unibanco Holding S.A.,ITUB,2025Q3,"Itaú Unibanco Holding S.A. uses: Reported revenue ~158,568,000,000",158568000000.0,7069000000.0,0.0,22.43146130994483,0.0
Illinois Tool Works Inc.,ITW,2025Q3,"Illinois Tool Works Inc. uses: Reported revenue ~15,898,000,000",15898000000.0,3281000000.0,0.0,4.845473940871686,0.0
Johnson Controls International plc,JCI,2025Q3,"Johnson Controls International plc uses: Reported revenue ~22,952,000,000",22952000000.0,2098000000.0,0.0,10.93994280266921,0.0
Johnson & Johnson,JNJ,2025Q3,"Johnson & Johnson uses: Reported revenue ~88,821,000,000",88821000000.0,24266000000.0,0.0,3.6603066018297206,0.0
JPMorgan Chase & Co.,JPM,2025Q3,"JPMorgan Chase & Co. uses: Reported revenue ~169,439,000,000",169439000000.0,-42012000000.0,0.0,-4.0331095877368375,0.0
KKR & Co. Inc.,KKR,2025Q3,"KKR & Co. Inc. uses: Reported revenue ~21,640,288,000",21640288000.0,6649878000.0,0.0,3.2542383484328585,0.0
KLA Corporation,KLAC,2025Q3,"KLA Corporation uses: Reported revenue ~12,156,162,000",12156162000.0,4081903000.0,0.0,2.9780624380344167,0.0
"Kinder Morgan, Inc.",KMI,2025Q3,"Kinder Morgan, Inc. uses: Reported revenue ~15,100,000,000",15100000000.0,5635000000.0,0.0,2.6796805678793256,0.0
The Coca-Cola Company,KO,2025Q3,"The Coca-Cola Company uses: Reported revenue ~47,061,000,000",47061000000.0,6805000000.0,0.0,6.9156502571638505,0.0
"L3Harris Technologies, Inc.",LHX,2025Q3,"L3Harris Technologies, Inc. uses: Reported revenue ~21,325,000,000",21325000000.0,2559000000.0,0.0,8.333333333333334,0.0
Linde plc,LIN,2025Q3,"Linde plc uses: Reported revenue ~33,005,000,000",33005000000.0,9423000000.0,0.0,3.502600021224663,0.0
Eli Lilly and Company,LLY,2025Q3,"Eli Lilly and Company uses: Reported revenue ~45,042,700,000",45042700000.0,8817900000.0,0.0,5.1080983000487645,0.0
Lockheed Martin Corporation,LMT,2025Q3,"Lockheed Martin Corporation uses: Reported revenue ~71,043,000,000",71043000000.0,6972000000.0,0.0,10.189759036144578,0.0
"Cheniere Energy, Inc.",LNG,2025Q3,"Cheniere Energy, Inc. uses: Reported revenue ~15,703,000,000",15703000000.0,5394000000.0,0.0,2.911197626992955,0.0
"Lowe's Companies, Inc.",LOW,2025Q3,"Lowe's Companies, Inc. uses: Reported revenue ~83,674,000,000",83674000000.0,9625000000.0,0.0,8.693402597402597,0.0
Lam Research Corporation,LRCX,2025Q3,"Lam Research Corporation uses: Reported revenue ~18,435,591,000",18435591000.0,6173264000.0,0.0,2.9863603759696655,0.0
Lloyds Banking Group plc,LYG,2025Q3,"Lloyds Banking Group plc uses: Reported revenue ~18,603,000,000",18603000000.0,-4393000000.0,0.0,-4.234691554746187,0.0
Mastercard Incorporated,MA,2025Q3,"Mastercard Incorporated uses: Reported revenue ~28,167,000,000",28167000000.0,14780000000.0,0.0,1.9057510148849797,0.0
"Marriott International, Inc.",MAR,2025Q3,"Marriott International, Inc. uses: Reported revenue ~25,100,000,000",25100000000.0,2749000000.0,0.0,9.130592942888324,0.0
McDonald's Corporation,MCD,2025Q3,"McDonald's Corporation uses: Reported revenue ~25,920,000,000",25920000000.0,9447000000.0,0.0,2.743728167672277,0.0
McKesson Corporation,MCK,2025Q3,"McKesson Corporation uses: Reported revenue ~359,051,000,000",359051000000.0,6085000000.0,0.0,59.00591618734593,0.0
Moody's Corporation,MCO,2025Q3,"Moody's Corporation uses: Reported revenue ~7,088,000,000",7088000000.0,2838000000.0,0.0,2.4975334742776605,0.0
"Mondelez International, Inc.",MDLZ,2025Q3,"Mondelez International, Inc. uses: Reported revenue ~36,441,000,000",36441000000.0,4910000000.0,0.0,7.421792260692464,0.0
Medtronic plc,MDT,2025Q3,"Medtronic plc uses: Reported revenue ~33,537,000,000",33537000000.0,7044000000.0,0.0,4.761073253833049,0.0
"MercadoLibre, Inc.",MELI,2025Q3,"MercadoLibre, Inc. uses: Reported revenue ~20,777,000,000",20777000000.0,7918000000.0,0.0,2.6240212174791613,0.0
"MetLife, Inc.",MET,2025Q3,"MetLife, Inc. uses: Reported revenue ~69,897,000,000",69897000000.0,14598000000.0,0.0,4.788121660501439,0.0
"Meta Platforms, Inc.",META,2025Q3,"Meta Platforms, Inc. uses: Reported revenue ~164,501,000,000",164501000000.0,91328000000.0,0.0,1.8012110196215838,0.0
Manulife Financial Corporation,MFC,2025Q3,"Manulife Financial Corporation uses: Reported revenue ~45,582,000,000",45582000000.0,26494000000.0,0.0,1.7204650109458746,0.0
"Mizuho Financial Group, Inc.",MFG,2025Q3,"Mizuho Financial Group, Inc. uses: Reported revenue ~3,645,206,000,000",3645206000000.0,-3820800000000.0,0.0,-0.954042608877722,0.0
MGCLY,MGCLY,2025Q3,"MGCLY uses: Reported revenue ~409,084,266,000",409084266000.0,60511572000.0,0.0,6.760430319014023,0.0
"Marsh & McLennan Companies, Inc.",MMC,2025Q3,"Marsh & McLennan Companies, Inc. uses: Reported revenue ~24,458,000,000",24458000000.0,4302000000.0,0.0,5.685262668526267,0.0
3M Company,MMM,2025Q3,"3M Company uses: Reported revenue ~24,575,000,000",24575000000.0,1819000000.0,0.0,13.51017042330951,0.0
Monster Beverage Corporation,MNST,2025Q3,"Monster Beverage Corporation uses: Reported revenue ~7,492,709,000",7492709000.0,1928533000.0,0.0,3.8851857862945565,0.0
"Altria Group, Inc.",MO,2025Q3,"Altria Group, Inc. uses: Reported revenue ~20,444,000,000",20444000000.0,8753000000.0,0.0,2.3356563463955213,0.0
Marathon Petroleum Corporation,MPC,2025Q3,"Marathon Petroleum Corporation uses: Reported revenue ~138,864,000,000",138864000000.0,8665000000.0,0.0,16.025851125216388,0.0
"Merck & Co., Inc.",MRK,2025Q3,"Merck & Co., Inc. uses: Reported revenue ~64,168,000,000",64168000000.0,21468000000.0,0.0,2.9890068939817405,0.0
"Marvell Technology, Inc.",MRVL,2025Q3,"Marvell Technology, Inc. uses: Reported revenue ~5,767,300,000",5767300000.0,1681200000.0,0.0,3.4304663335712586,0.0
Morgan Stanley,MS,2025Q3,"Morgan Stanley uses: Reported revenue ~57,621,000,000",57621000000.0,1362000000.0,0.0,42.30616740088106,0.0
Microsoft Corporation,MSFT,2025Q3,"Microsoft Corporation uses: Reported revenue ~281,724,000,000",281724000000.0,136162000000.0,0.0,2.069035413698389,0.0
"Motorola Solutions, Inc.",MSI,2025Q3,"Motorola Solutions, Inc. uses: Reported revenue ~10,817,000,000",10817000000.0,2391000000.0,0.0,4.524048515265579,0.0
Strategy Inc,MSTR,2025Q3,"Strategy Inc uses: Reported revenue ~463,456,000",463456000.0,-53032000.0,0.0,-8.739176346356917,0.0
"Micron Technology, Inc.",MU,2025Q3,"Micron Technology, Inc. uses: Reported revenue ~25,111,000,000",25111000000.0,8507000000.0,0.0,2.951804396379452,0.0
"Mitsubishi UFJ Financial Group, Inc.",MUFG,2025Q3,"Mitsubishi UFJ Financial Group, Inc. uses: Reported revenue ~6,838,439,000,000",6838439000000.0,6415000000.0,0.0,1066.0076383476228,0.0
"Nasdaq, Inc.",NDAQ,2025Q3,"Nasdaq, Inc. uses: Reported revenue ~7,400,000,000",7400000000.0,1939000000.0,0.0,3.816400206291903,0.0
"NextEra Energy, Inc.",NEE,2025Q3,"NextEra Energy, Inc. uses: Reported revenue ~24,753,000,000",24753000000.0,13260000000.0,0.0,1.8667420814479638,0.0
Newmont Corporation,NEM,2025Q3,"Newmont Corporation uses: Reported revenue ~18,682,000,000",18682000000.0,6363000000.0,0.0,2.936036460788936,0.0
"Cloudflare, Inc.",NET,2025Q3,"Cloudflare, Inc. uses: Reported revenue ~1,669,626,000",1669626000.0,380429000.0,0.0,4.388797909728228,0.0
"Netflix, Inc.",NFLX,2025Q3,"Netflix, Inc. uses: Reported revenue ~39,000,966,000",39000966000.0,7361364000.0,0.0,5.2980624243007135,0.0
National Grid plc,NGG,2025Q3,"National Grid plc uses: Reported revenue ~18,378,000,000",18378000000.0,6808000000.0,0.0,2.6994712103407754,0.0
"NIKE, Inc.",NKE,2025Q3,"NIKE, Inc. uses: Reported revenue ~46,309,000,000",46309000000.0,3698000000.0,0.0,12.522714981070848,0.0
Northrop Grumman Corporation,NOC,2025Q3,"Northrop Grumman Corporation uses: Reported revenue ~41,033,000,000",41033000000.0,4388000000.0,0.0,9.351185050136737,0.0
"ServiceNow, Inc.",NOW,2025Q3,"ServiceNow, Inc. uses: Reported revenue ~10,984,000,000",10984000000.0,4267000000.0,0.0,2.5741738926646356,0.0
Norfolk Southern Corporation,NSC,2025Q3,"Norfolk Southern Corporation uses: Reported revenue ~12,123,000,000",12123000000.0,4052000000.0,0.0,2.9918558736426455,0.0
"NetEase, Inc.",NTES,2025Q3,"NetEase, Inc. uses: Reported revenue ~105,295,236,000",105295236000.0,39676813000.0,0.0,2.653822926755735,0.0
Nu Holdings Ltd.,NU,2025Q3,"Nu Holdings Ltd. uses: Reported revenue ~8,269,605,000",8269605000.0,2399044000.0,0.0,3.447041821658961,0.0
NVIDIA Corporation,NVDA,2025Q3,"NVIDIA Corporation uses: Reported revenue ~130,497,000,000",130497000000.0,64089000000.0,0.0,2.0361840565463654,0.0
Novo Nordisk A/S,NVO,2025Q3,"Novo Nordisk A/S uses: Reported revenue ~290,403,000,000",290403000000.0,120968000000.0,0.0,2.4006596785926857,0.0
Novartis AG,NVS,2025Q3,"Novartis AG uses: Reported revenue ~51,722,000,000",51722000000.0,17619000000.0,0.0,2.9355809069754244,0.0
NatWest Group plc,NWG,2025Q3,"NatWest Group plc uses: Reported revenue ~14,653,000,000",14653000000.0,1772000000.0,0.0,8.26918735891648,0.0
NXP Semiconductors N.V.,NXPI,2025Q3,"NXP Semiconductors N.V. uses: Reported revenue ~12,614,000,000",12614000000.0,2782000000.0,0.0,4.534148094895759,0.0
Realty Income Corporation,O,2025Q3,"Realty Income Corporation uses: Reported revenue ~5,271,142,000",5271142000.0,3573276000.0,0.0,1.475156690946907,0.0
Oracle Corporation,ORCL,2025Q3,"Oracle Corporation uses: Reported revenue ~57,399,000,000",57399000000.0,20821000000.0,0.0,2.7567840161375536,0.0
"O'Reilly Automotive, Inc.",ORLY,2025Q3,"O'Reilly Automotive, Inc. uses: Reported revenue ~16,708,479,000",16708479000.0,3049576000.0,0.0,5.478951500142971,0.0
"Palo Alto Networks, Inc.",PANW,2025Q3,"Palo Alto Networks, Inc. uses: Reported revenue ~9,221,500,000",9221500000.0,3716000000.0,0.0,2.481566200215285,0.0
Petróleo Brasileiro S.A. - Petrobras,PBR,2025Q3,"Petróleo Brasileiro S.A. - Petrobras uses: Reported revenue ~91,416,000,000",91416000000.0,37984000000.0,0.0,2.4066975568660487,0.0
PACCAR Inc,PCAR,2025Q3,"PACCAR Inc uses: Reported revenue ~33,663,800,000",33663800000.0,4640900000.0,0.0,7.253722338339546,0.0
PDD Holdings Inc.,PDD,2025Q3,"PDD Holdings Inc. uses: Reported revenue ~393,836,097,000",393836097000.0,121929292000.0,0.0,3.230036774100189,0.0
"PepsiCo, Inc.",PEP,2025Q3,"PepsiCo, Inc. uses: Reported revenue ~91,854,000,000",91854000000.0,12507000000.0,0.0,7.344207243943392,0.0
Pfizer Inc.,PFE,2025Q3,"Pfizer Inc. uses: Reported revenue ~63,627,000,000",63627000000.0,12744000000.0,0.0,4.992702448210923,0.0
The Procter & Gamble Company,PG,2025Q3,"The Procter & Gamble Company uses: Reported revenue ~84,284,000,000",84284000000.0,17817000000.0,0.0,4.730538249985968,0.0
The Progressive Corporation,PGR,2025Q3,"The Progressive Corporation uses: Reported revenue ~75,343,000,000",75343000000.0,15119000000.0,0.0,4.983332230967656,0.0
Parker-Hannifin Corporation,PH,2025Q3,"Parker-Hannifin Corporation uses: Reported revenue ~19,850,000,000",19850000000.0,3776000000.0,0.0,5.256885593220339,0.0
"Prologis, Inc.",PLD,2025Q3,"Prologis, Inc. uses: Reported revenue ~8,201,610,000",8201610000.0,4912209000.0,0.0,1.6696378350351135,0.0
Palantir Technologies Inc.,PLTR,2025Q3,"Palantir Technologies Inc. uses: Reported revenue ~2,865,507,000",2865507000.0,1153865000.0,0.0,2.4833988378189824,0.0
Philip Morris International Inc.,PM,2025Q3,"Philip Morris International Inc. uses: Reported revenue ~37,878,000,000",37878000000.0,12217000000.0,0.0,3.1004338217238274,0.0
"The PNC Financial Services Group, Inc.",PNC,2025Q3,"The PNC Financial Services Group, Inc. uses: Reported revenue ~20,809,000,000",20809000000.0,7880000000.0,0.0,2.640736040609137,0.0
Phillips 66,PSX,2025Q3,"Phillips 66 uses: Reported revenue ~143,153,000,000",143153000000.0,4191000000.0,0.0,34.15724170842281,0.0
"Quanta Services, Inc.",PWR,2025Q3,"Quanta Services, Inc. uses: Reported revenue ~23,672,795,000",23672795000.0,2081196000.0,0.0,11.374611040959142,0.0
"PayPal Holdings, Inc.",PYPL,2025Q3,"PayPal Holdings, Inc. uses: Reported revenue ~31,797,000,000",31797000000.0,7450000000.0,0.0,4.268053691275168,0.0
QUALCOMM Incorporated,QCOM,2025Q3,"QUALCOMM Incorporated uses: Reported revenue ~38,962,000,000",38962000000.0,12202000000.0,0.0,3.193083101130962,0.0
Ferrari N.V.,RACE,2025Q3,"Ferrari N.V. uses: Reported revenue ~6,676,668,000",6676668000.0,1926656000.0,0.0,3.465417801621047,0.0
Roblox Corporation,RBLX,2025Q3,"Roblox Corporation uses: Reported revenue ~3,601,979,000",3601979000.0,822316000.0,0.0,4.380285680930445,0.0
Royal Caribbean Cruises Ltd.,RCL,2025Q3,"Royal Caribbean Cruises Ltd. uses: Reported revenue ~16,485,000,000",16485000000.0,5265000000.0,0.0,3.131054131054131,0.0
"Regeneron Pharmaceuticals, Inc.",REGN,2025Q3,"Regeneron Pharmaceuticals, Inc. uses: Reported revenue ~14,202,000,000",14202000000.0,4420500000.0,0.0,3.2127587376993554,0.0
RELX PLC,RELX,2025Q3,"RELX PLC uses: Reported revenue ~9,434,000,000",9434000000.0,2608000000.0,0.0,3.6173312883435584,0.0
Rio Tinto Group,RIO,2025Q3,"Rio Tinto Group uses: Reported revenue ~53,658,000,000",53658000000.0,15599000000.0,0.0,3.439835886915828,0.0
"Roper Technologies, Inc.",ROP,2025Q3,"Roper Technologies, Inc. uses: Reported revenue ~7,039,200,000",7039200000.0,2393200000.0,0.0,2.941333779040615,0.0
"Republic Services, Inc.",RSG,2025Q3,"Republic Services, Inc. uses: Reported revenue ~16,032,000,000",16032000000.0,3936000000.0,0.0,4.073170731707317,0.0
Rio Tinto Group,RTNTF,2025Q3,"Rio Tinto Group uses: Reported revenue ~53,658,000,000",53658000000.0,15599000000.0,0.0,3.439835886915828,0.0
RTX Corporation,RTX,2025Q3,"RTX Corporation uses: Reported revenue ~80,738,000,000",80738000000.0,7159000000.0,0.0,11.277832099455232,0.0
Royal Bank of Canada,RY,2025Q3,"Royal Bank of Canada uses: Reported revenue ~57,491,000,000",57491000000.0,23139000000.0,0.0,2.4845931111975452,0.0
"Banco Santander, S.A.",SAN,2025Q3,"Banco Santander, S.A. uses: Reported revenue ~63,842,000,000",63842000000.0,-24155000000.0,0.0,-2.643013868764231,0.0
SAP SE,SAP,2025Q3,"SAP SE uses: Reported revenue ~34,176,000,000",34176000000.0,5220000000.0,0.0,6.5471264367816095,0.0
Starbucks Corporation,SBUX,2025Q3,"Starbucks Corporation uses: Reported revenue ~36,176,200,000",36176200000.0,6095600000.0,0.0,5.93480543342739,0.0
Southern Copper Corporation,SCCO,2025Q3,"Southern Copper Corporation uses: Reported revenue ~11,433,400,000",11433400000.0,4421700000.0,0.0,2.5857475631544427,0.0
The Charles Schwab Corporation,SCHW,2025Q3,"The Charles Schwab Corporation uses: Reported revenue ~19,606,000,000",19606000000.0,2670000000.0,0.0,7.343071161048689,0.0
Sea Limited,SE,2025Q3,"Sea Limited uses: Reported revenue ~16,819,866,000",16819866000.0,3277420000.0,0.0,5.132044718101433,0.0
Shell plc,SHEL,2025Q3,"Shell plc uses: Reported revenue ~284,312,000,000",284312000000.0,54687000000.0,0.0,5.198895532759157,0.0
Shopify Inc.,SHOP,2025Q3,"Shopify Inc. uses: Reported revenue ~8,880,000,000",8880000000.0,1616000000.0,0.0,5.4950495049504955,0.0
The Sherwin-Williams Company,SHW,2025Q3,"The Sherwin-Williams Company uses: Reported revenue ~23,098,500,000",23098500000.0,3153200000.0,0.0,7.325415450970443,0.0
Schlumberger Limited,SLB,2025Q3,"Schlumberger Limited uses: Reported revenue ~36,289,000,000",36289000000.0,6602000000.0,0.0,5.496667676461678,0.0
"Sumitomo Mitsui Financial Group, Inc.",SMFG,2025Q3,"Sumitomo Mitsui Financial Group, Inc. uses: Reported revenue ~5,066,265,000,000",5066265000000.0,4848464000000.0,0.0,1.0449216494130924,0.0
Snowflake Inc.,SNOW,2025Q3,"Snowflake Inc. uses: Reported revenue ~3,626,396,000",3626396000.0,959764000.0,0.0,3.7784246960711174,0.0
"Synopsys, Inc.",SNPS,2025Q3,"Synopsys, Inc. uses: Reported revenue ~6,127,436,000",6127436000.0,1407029000.0,0.0,4.3548754147924456,0.0
Sanofi,SNY,2025Q3,"Sanofi uses: Reported revenue ~44,286,000,000",44286000000.0,9081000000.0,0.0,4.876775685497192,0.0
The Southern Company,SO,2025Q3,"The Southern Company uses: Reported revenue ~26,724,000,000",26724000000.0,9788000000.0,0.0,2.7302819779321617,0.0
Sony Group Corporation,SONY,2025Q3,"Sony Group Corporation uses: Reported revenue ~12,957,064,000,000",12957064000000.0,2321675000000.0,0.0,5.580912057027793,0.0
"Simon Property Group, Inc.",SPG,2025Q3,"Simon Property Group, Inc. uses: Reported revenue ~5,963,798,000",5963798000.0,3814655000.0,0.0,1.5633911847860422,0.0
S&P Global Inc.,SPGI,2025Q3,"S&P Global Inc. uses: Reported revenue ~14,208,000,000",14208000000.0,5689000000.0,0.0,2.497451221655827,0.0
Spotify Technology S.A.,SPOT,2025Q3,"Spotify Technology S.A. uses: Reported revenue ~15,673,000,000",15673000000.0,2301000000.0,0.0,6.811386353759235,0.0
Sempra,SRE,2025Q3,"Sempra uses: Reported revenue ~13,185,000,000",13185000000.0,4907000000.0,0.0,2.6869777868351337,0.0
Stryker Corporation,SYK,2025Q3,"Stryker Corporation uses: Reported revenue ~22,595,000,000",22595000000.0,4242000000.0,0.0,5.326496935407826,0.0
AT&T Inc.,T,2025Q3,"AT&T Inc. uses: Reported revenue ~122,336,000,000",122336000000.0,38771000000.0,0.0,3.1553480694333396,0.0
The Toronto-Dominion Bank,TD,2025Q3,"The Toronto-Dominion Bank uses: Reported revenue ~56,256,000,000",56256000000.0,54937000000.0,0.0,1.0240093197662776,0.0
TransDigm Group Incorporated,TDG,2025Q3,"TransDigm Group Incorporated uses: Reported revenue ~7,940,000,000",7940000000.0,2045000000.0,0.0,3.882640586797066,0.0
TE Connectivity plc,TEL,2025Q3,"TE Connectivity plc uses: Reported revenue ~15,845,000,000",15845000000.0,3477000000.0,0.0,4.557089444923785,0.0
Truist Financial Corporation,TFC,2025Q3,"Truist Financial Corporation uses: Reported revenue ~13,278,000,000",13278000000.0,2164000000.0,0.0,6.135859519408503,0.0
"The TJX Companies, Inc.",TJX,2025Q3,"The TJX Companies, Inc. uses: Reported revenue ~56,360,000,000",56360000000.0,6116000000.0,0.0,9.21517331589274,0.0
Toyota Motor Corporation,TM,2025Q3,"Toyota Motor Corporation uses: Reported revenue ~48,036,704,000,000",48036704000000.0,3696934000000.0,0.0,12.993660151898844,0.0
Thermo Fisher Scientific Inc.,TMO,2025Q3,"Thermo Fisher Scientific Inc. uses: Reported revenue ~42,879,000,000",42879000000.0,8667000000.0,0.0,4.947386638975424,0.0
"T-Mobile US, Inc.",TMUS,2025Q3,"T-Mobile US, Inc. uses: Reported revenue ~81,400,000,000",81400000000.0,22293000000.0,0.0,3.651370385322747,0.0
Thomson Reuters Corporation,TRI,2025Q3,"Thomson Reuters Corporation uses: Reported revenue ~7,258,000,000",7258000000.0,2457000000.0,0.0,2.954008954008954,0.0
TC Energy Corporation,TRP,2025Q3,"TC Energy Corporation uses: Reported revenue ~13,771,000,000",13771000000.0,7696000000.0,0.0,1.7893711018711018,0.0
"The Travelers Companies, Inc.",TRV,2025Q3,"The Travelers Companies, Inc. uses: Reported revenue ~46,428,000,000",46428000000.0,9074000000.0,0.0,5.116596870178532,0.0
"Tesla, Inc.",TSLA,2025Q3,"Tesla, Inc. uses: Reported revenue ~97,690,000,000",97690000000.0,14923000000.0,0.0,6.546270857066274,0.0
Trane Technologies plc,TT,2025Q3,"Trane Technologies plc uses: Reported revenue ~19,838,200,000",19838200000.0,3145600000.0,0.0,6.306650559511699,0.0
TotalEnergies SE,TTE,2025Q3,"TotalEnergies SE uses: Reported revenue ~195,610,000,000",195610000000.0,30854000000.0,0.0,6.339858689310948,0.0
Texas Instruments Incorporated,TXN,2025Q3,"Texas Instruments Incorporated uses: Reported revenue ~15,641,000,000",15641000000.0,6318000000.0,0.0,2.47562519784742,0.0
"Uber Technologies, Inc.",UBER,2025Q3,"Uber Technologies, Inc. uses: Reported revenue ~43,978,000,000",43978000000.0,7137000000.0,0.0,6.161972817710523,0.0
UBS Group AG,UBS,2025Q3,"UBS Group AG uses: Reported revenue ~45,346,000,000",45346000000.0,3279000000.0,0.0,13.829216224458676,0.0
Unilever PLC,UL,2025Q3,"Unilever PLC uses: Reported revenue ~60,761,000,000",60761000000.0,9519000000.0,0.0,6.38312847988234,0.0
UnitedHealth Group Incorporated,UNH,2025Q3,"UnitedHealth Group Incorporated uses: Reported revenue ~400,278,000,000",400278000000.0,24204000000.0,0.0,16.53767972235994,0.0
Union Pacific Corporation,UNP,2025Q3,"Union Pacific Corporation uses: Reported revenue ~24,250,000,000",24250000000.0,9346000000.0,0.0,2.5946929167558315,0.0
"United Parcel Service, Inc.",UPS,2025Q3,"United Parcel Service, Inc. uses: Reported revenue ~91,070,000,000",91070000000.0,10122000000.0,0.0,8.997233748271093,0.0
"United Rentals, Inc.",URI,2025Q3,"United Rentals, Inc. uses: Reported revenue ~15,345,000,000",15345000000.0,4546000000.0,0.0,3.375494940607127,0.0
U.S. Bancorp,USB,2025Q3,"U.S. Bancorp uses: Reported revenue ~27,335,000,000",27335000000.0,11273000000.0,0.0,2.4248203672491795,0.0
Visa Inc.,V,2025Q3,"Visa Inc. uses: Reported revenue ~35,926,000,000",35926000000.0,19950000000.0,0.0,1.8008020050125313,0.0
Vertex Pharmaceuticals Incorporated,VRTX,2025Q3,"Vertex Pharmaceuticals Incorporated uses: Reported revenue ~11,020,100,000",11020100000.0,-492600000.0,0.0,-22.371295168493706,0.0
Vistra Corp.,VST,2025Q3,"Vistra Corp. uses: Reported revenue ~17,224,000,000",17224000000.0,4563000000.0,0.0,3.774709620863467,0.0
Verizon Communications Inc.,VZ,2025Q3,"Verizon Communications Inc. uses: Reported revenue ~134,788,000,000",134788000000.0,36912000000.0,0.0,3.6516038144776766,0.0
"Workday, Inc.",WDAY,2025Q3,"Workday, Inc. uses: Reported revenue ~8,446,000,000",8446000000.0,2461000000.0,0.0,3.431938236489232,0.0
Welltower Inc.,WELL,2025Q3,"Welltower Inc. uses: Reported revenue ~7,853,618,000",7853618000.0,2256421000.0,0.0,3.480564132313961,0.0
Wells Fargo & Company,WFC,2025Q3,"Wells Fargo & Company uses: Reported revenue ~82,296,000,000",82296000000.0,3035000000.0,0.0,27.115650741350905,0.0
"Waste Management, Inc.",WM,2025Q3,"Waste Management, Inc. uses: Reported revenue ~22,063,000,000",22063000000.0,5390000000.0,0.0,4.0933209647495366,0.0
"The Williams Companies, Inc.",WMB,2025Q3,"The Williams Companies, Inc. uses: Reported revenue ~10,503,000,000",10503000000.0,4974000000.0,0.0,2.111580217129071,0.0
Walmart Inc.,WMT,2025Q3,"Walmart Inc. uses: Reported revenue ~680,985,000,000",680985000000.0,36443000000.0,0.0,18.68630464012293,0.0
Exxon Mobil Corporation,XOM,2025Q3,"Exxon Mobil Corporation uses: Reported revenue ~339,247,000,000",339247000000.0,55022000000.0,0.0,6.165661008323943,0.0
Zoetis Inc.,ZTS,2025Q3,"Zoetis Inc. uses: Reported revenue ~9,256,000,000",9256000000.0,2953000000.0,0.0,3.134439552996952,0.0
Walmart Inc.,nan,2025Q1,"Walmart Inc. primarily recognizes revenue at the point of sale when goods are transferred to customers, which aligns with the ASC 606 standard. Given the nature of retail operations, where transactions are completed upon delivery of products, this method is appropriate for their revenue recognition approach.",680985000000.0,0.0,0.0,,0.0
"AMAZON.COM, INC.",nan,2024Q4,"Amazon's revenue recognition approach aligns with ASC 606, which emphasizes recognizing revenue when control of goods or services is transferred to customers. The description of revenue from contracts with customers indicates that revenue is recognized at a point in time, specifically when performance obligations are satisfied, which is consistent with the nature of retail transactions.",637959000000.0,0.0,0.0,,0.0
"CENCORA, INC.",nan,2024Q3,GPT Error: Error code: 429 - {'error': {'message': 'Rate limi,293958599000.0,0.0,0.0,,0.0
Apple Inc.,nan,2018Q3,"Apple Inc. primarily recognizes revenue from the sale of products and services under ASC 606, which emphasizes the identification of contracts with customers and the performance obligations within those contracts. Given the nature of Apple's business model, which includes hardware sales and service subscriptions, the contract-based approach aligns with their revenue recognition practices. The significant revenue drop suggests potential market challenges or shifts in consumer demand, but the underlying recognition method remains consistent with ASC 606.",265595000000.0,0.0,0.0,,0.0
Alphabet Inc.,nan,2021Q4,"Alphabet Inc. likely employs a mixed approach to revenue recognition due to its diverse range of services, including advertising, cloud services, and other digital products. Under ASC 606, revenue is recognized when control of the goods or services is transferred to the customer, which can occur at a point in time or over time, depending on the nature of the transaction. The significant revenue growth indicates effective recognition practices aligned with the evolving nature of their business model.",257637000000.0,0.0,0.0,,0.0
COMCAST CORPORATION,nan,2023Q4,"Comcast Corporation likely employs a mixed approach to revenue recognition, as it generates revenue from various sources, including goods sold and services rendered, which can be recognized at different points in time or over time. The application of ASC 606 suggests that the company recognizes revenue based on contracts with customers, aligning with the principles of performance obligations and transfer of control. The slight revenue growth indicates a stable but potentially saturated market, which may influence their recognition strategy.",121572000000.0,0.0,0.0,,0.0
McKESSON CORPORATION,nan,2011Q1,GPT Error: Error code: 429 - {'error': {'message': 'Rate limi,112084000000.0,0.0,0.0,,0.0
WELLS FARGO & COMPANY/MN,nan,2019Q4,GPT Error: Error code: 429 - {'error': {'message': 'Rate limi,85063000000.0,0.0,0.0,,0.0
PROCTER & GAMBLE CO,nan,2025Q2,"Procter & Gamble's revenue recognition approach aligns with ASC 606, which emphasizes recognizing revenue when control of goods is transferred to the customer, typically at the point of sale. Given the nature of P&G's business, which involves the sale of consumer goods, it is likely that revenue is recognized at the point-in-time when products are delivered to retailers or consumers.",84284000000.0,0.0,0.0,,0.0
"HOME DEPOT, INC.",nan,2010Q1,"Home Depot recognizes revenue at the point of sale when goods are sold to customers, which aligns with traditional retail practices. Given the lack of complex contracts or long-term service agreements, the revenue recognition follows legacy GAAP principles rather than ASC 606 or IFRS 15, which are more applicable to industries with multi-element arrangements or long-term contracts.",66176000000.0,0.0,0.0,,0.0
"United Parcel Service, Inc.",nan,2017Q4,GPT Error: Error code: 429 - {'error': {'message': 'Rate limi,65872000000.0,0.0,0.0,,0.0
FedEx Corporation,nan,2018Q2,GPT Error: Error code: 429 - {'error': {'message': 'Rate limi,65450000000.0,0.0,0.0,,0.0
MICROSOFT CORPORATION,nan,2010Q2,"Microsoft Corporation's revenue recognition likely employs a mixed approach due to its diverse range of products and services, including software sales, cloud services, and subscriptions. Under ASC 606, revenue is recognized based on the transfer of control, which aligns with both point-in-time recognition for product sales and over-time recognition for subscription and service contracts. The significant revenue decline suggests potential challenges in maintaining growth, possibly impacting future revenue recognition practices.",62484000000.0,0.0,0.0,,0.0
Honeywell International Inc,nan,2011Q4,"Given the significant revenue decline of -74.07%, it suggests potential issues with revenue recognition practices or market conditions affecting sales. The description of revenue concepts indicates a mix of revenue sources, which aligns with a mixed approach under legacy GAAP, primarily recognizing revenue at a point-in-time when goods are sold or services rendered.",36529000000.0,0.0,0.0,,0.0
MORGAN STANLEY,nan,2014Q4,"Given the nature of Morgan Stanley's revenue, which includes investment and interest income as well as sales and trading gains, a mixed approach is likely employed to recognize revenue from various activities. The significant revenue decline suggests potential challenges in their revenue recognition practices, aligning with legacy GAAP standards prior to the adoption of ASC 606.",34275000000.0,0.0,0.0,,0.0
"The TJX Companies, Inc.",nan,2015Q1,"The TJX Companies, Inc. primarily recognizes revenue at the point of sale when goods are sold to customers, which aligns with traditional retail practices. Given the lack of additional context and the significant revenue decline, it is likely that they are still adhering to legacy GAAP standards for revenue recognition, as there is no indication of contracts or ongoing performance obligations typical of ASC 606.",29078407000.0,0.0,0.0,,0.0
AMERICAN EXPRESS COMPANY,nan,2010Q4,"American Express recognizes revenue from various sources, including services rendered and investment income, which suggests a mixed approach to revenue recognition. Given the data provided and the absence of specific contracts or performance obligations typical of ASC 606, it is likely that the company adheres to legacy GAAP standards for its revenue recognition practices.",27819000000.0,0.0,0.0,,0.0
Amgen Inc.,nan,2020Q4,"Amgen Inc. likely utilizes the ASC 606 framework for revenue recognition, which is designed for companies that enter into contracts with customers to transfer goods or services. Given the nature of Amgen's business in the biotechnology sector, it is reasonable to conclude that their revenue is recognized based on the fulfillment of performance obligations outlined in contracts, aligning with the contract-based recognition pattern.",25424000000.0,0.0,0.0,,0.0
EMERSON ELECTRIC CO.,nan,2012Q3,GPT Error: Error code: 429 - {'error': {'message': 'Rate limi,24412000000.0,0.0,0.0,,0.0
VISA INC.,nan,2020Q3,"VISA INC. primarily recognizes revenue through transaction-based methods, as it derives income from processing payments and related services. Under ASC 606, revenue is recognized when control of the service is transferred to the customer, which aligns with VISA's operational model of facilitating transactions between cardholders and merchants. The slight decline in revenue growth may indicate market challenges or increased competition in the payment processing industry.",21846000000.0,0.0,0.0,,0.0
Broadcom Inc.,nan,2018Q4,"Broadcom Inc. likely utilizes the ASC 606 standard for revenue recognition, which emphasizes recognizing revenue based on the transfer of control of goods or services to customers. Given the nature of Broadcom's business in technology and semiconductors, it is reasonable to assume that their revenue is recognized when performance obligations are satisfied, aligning with a contract-based approach. The significant revenue decline suggests potential challenges in fulfilling these obligations or changes in market demand.",20848000000.0,0.0,0.0,,0.0
DUKE ENERGY CORPORATION,nan,2012Q4,GPT Error: Error code: 429 - {'error': {'message': 'Rate limi,19624000000.0,0.0,0.0,,0.0
JOHNSON CONTROLS INTERNATIONAL PLC,nan,2015Q3,GPT Error: Error code: 429 - {'error': {'message': 'Rate limi,9902000000.0,0.0,0.0,,0.0
BOSTON SCIENTIFIC CORPORATION,nan,2016Q4,"Boston Scientific Corporation likely utilizes the ASC 606 framework for revenue recognition, which emphasizes recognizing revenue as control of goods or services is transferred to customers. Given the nature of their operations in the medical device industry, it is reasonable to conclude that their revenue is recognized based on contracts with customers, aligning with the contract-based pattern under ASC 606.",9076000000.0,0.0,0.0,,0.0
"Salesforce, Inc.",nan,2017Q1,"Salesforce, Inc. primarily operates on a subscription-based model, where revenue is recognized over the term of the subscription as services are rendered. Under ASC 606, this aligns with the over-time recognition pattern, reflecting the continuous transfer of control to customers throughout the subscription period. The significant revenue growth decline may indicate challenges in customer retention or market conditions affecting new subscriptions.",8391984000.0,0.0,0.0,,0.0
SYNOPSYS INC,nan,2022Q4,GPT Error: Error code: 429 - {'error': {'message': 'Rate limi,5081542000.0,0.0,0.0,,0.0
LAM RESEARCH CORPORATION,nan,2011Q2,"LAM RESEARCH CORPORATION's revenue recognition appears to follow a mixed approach, as it likely involves both the sale of goods and services, which can be recognized at a point in time when control transfers to the customer. Given the significant revenue growth and the nature of the semiconductor equipment industry, it is reasonable to conclude that they apply ASC 606, which emphasizes the transfer of control in revenue recognition.",3237693000.0,0.0,0.0,,0.0
"WORKDAY, INC.",nan,2018Q1,GPT Error: Error code: 429 - {'error': {'message': 'Rate limi,2143050000.0,0.0,0.0,,0.0
Cintas Corporation,nan,2020Q2,GPT Error: upstream connect error or disconnect/reset before,1619584000.0,0.0,0.0,,0.0
ISHARES GOLD TRUST,nan,2013Q4,GPT Error: Error code: 429 - {'error': {'message': 'Rate limi,-606324000.0,0.0,0.0,,-0.0
